@article{buttner2020, title={Are questionable research practices facilitating new discoveries in sport and exercise medicine? The proportion of supported hypotheses is implausibly high}, url={http://dx.doi.org/10.1136/bjsports-2019-101863}, DOI={10.1136/bjsports-2019-101863}, journal={British Journal of Sports Medicine}, publisher={BMJ}, author={Büttner, Fionn and Toomey, Elaine and McClean, Shane and Roe, Mark and Delahunt, Eamonn}, year={2020}, month={Jul}, pages={bjsports-2019-101863} } 

@article{Scheel_Schijen_Lakens_2020, title={An excess of positive results: Comparing the standard Psychology literature with Registered Reports}, url={http://dx.doi.org/10.31234/osf.io/p6e9c}, DOI={10.31234/osf.io/p6e9c},  publisher={PsyArXiv}, author={Scheel, Anne M. and Schijen, Mitchell and Lakens, Daniel}, year={2020}, month={Feb} }

@article{Fanelli_2010, title={“Positive” Results Increase Down the Hierarchy of the Sciences}, volume={5}, url={http://dx.doi.org/10.1371/journal.pone.0010068}, DOI={10.1371/journal.pone.0010068}, number={4}, journal={PLoS ONE}, publisher={Public Library of Science (PLoS)}, author={Fanelli, Daniele}, editor={Scalas, Enrico}, year={2010}, month={Apr}, pages={e10068} } 

@Article{brms_cite,
title = {{brms}: An {R} Package for {Bayesian} Multilevel Models Using {Stan}},
    author = {Paul-Christian Bürkner},
    journal = {Journal of Statistical Software},
    year = {2017},
    volume = {80},
    number = {1},
    pages = {1--28},
    doi = {10.18637/jss.v080.i01},
    encoding = {UTF-8},
  }


@misc{DORA2013,
  title={San Francisco declaration on research assessment},
  author={Cagan, Ross},
  year={2013},
  publisher={The Company of Biologists Ltd}
}

@article{Allen2019,
  doi = {10.1371/journal.pbio.3000246},
  url = {https://doi.org/10.1371/journal.pbio.3000246},
  year = {2019},
  month = may,
  publisher = {Public Library of Science ({PLoS})},
  volume = {17},
  number = {5},
  pages = {e3000246},
  author = {Christopher Allen and David M. A. Mehler},
  title = {Open science challenges,  benefits and tips in early career and beyond},
  journal = {{PLOS} Biology}
}

@article{Scheel2020,
  doi = {10.1177/1745691620966795},
  url = {https://doi.org/10.1177/1745691620966795},
  year = {2020},
  month = dec,
  publisher = {{SAGE} Publications},
  volume = {16},
  number = {4},
  pages = {744--755},
  author = {Anne M. Scheel and Leonid Tiokhin and Peder M. Isager and Daniël Lakens},
  title = {Why Hypothesis Testers Should Spend Less Time Testing Hypotheses},
  journal = {Perspectives on Psychological Science}
}

@article{KrleaJeri2009,
  doi = {10.3325/cmj.2009.50.105},
  url = {https://doi.org/10.3325/cmj.2009.50.105},
  year = {2009},
  month = apr,
  publisher = {Croatian Medical Journals},
  volume = {50},
  number = {2},
  pages = {105--110},
  author = {Karmela Krle{\v{z}}a-Jeri{\'{c}} and Trudo Lemmens},
  title = {7th Revision of the Declaration of Helsinki: Good News for the Transparency of Clinical Trials},
  journal = {Croatian Medical Journal}
}

@article{Singh2021,
  doi = {10.1101/2021.03.12.21253378},
  url = {https://doi.org/10.1101/2021.03.12.21253378},
  year = {2021},
  month = mar,
  publisher = {Cold Spring Harbor Laboratory},
  author = {Benjamin Singh and Ciaran M Fairman and Jesper F Christensen and Kate A Bolam and Rosie Twomey and David Nunan and Ian M Lahart},
  title = {Outcome Reporting bias in Exercise Oncology trials ({OREO}): a cross-sectional study}
}

@article{Dalecki2019,
  doi = {10.1080/17461391.2019.1584249},
  url = {https://doi.org/10.1080/17461391.2019.1584249},
  year = {2019},
  month = mar,
  publisher = {Informa {UK} Limited},
  volume = {19},
  number = {9},
  pages = {1257--1266},
  author = {Marc Dalecki and Diana J. Gorbet and Alison Macpherson and Lauren E. Sergio},
  title = {Sport experience is correlated with complex motor skill recovery in youth following concussion},
  journal = {European Journal of Sport Science}
}

@article{Harris2018,
  doi = {10.1080/17461391.2018.1560508},
  url = {https://doi.org/10.1080/17461391.2018.1560508},
  year = {2018},
  month = dec,
  publisher = {Informa {UK} Limited},
  volume = {19},
  number = {6},
  pages = {824--833},
  author = {David J. Harris and Samuel J. Vine and Mark R. Wilson},
  title = {An external focus of attention promotes flow experience during simulated driving},
  journal = {European Journal of Sport Science}
}

@article{Huston2019,
  doi = {10.14745/ccdr.v45i10a01},
  url = {https://doi.org/10.14745/ccdr.v45i10a01},
  year = {2019},
  month = oct,
  publisher = {Infectious Disease and Control Branch ({IDPCB}) - Public Health Agency of Canada},
  volume = {45},
  number = {10},
  pages = {252--256},
  author = {P Huston and VL Edge and E Bernier},
  title = {Reaping the benefits of Open Data in public health},
  journal = {Canada Communicable Disease Report}
}

@article{ManyAnalysts2018,
  doi = {10.1177/2515245917747646},
  url = {https://doi.org/10.1177/2515245917747646},
  year = {2018},
  month = aug,
  publisher = {{SAGE} Publications},
  volume = {1},
  number = {3},
  pages = {337--356},
  author = {R. Silberzahn and E. L. Uhlmann and D. P. Martin and P. Anselmi and F. Aust and E. Awtrey and {\v{S}}. Bahn{\'{\i}}k and F. Bai and C. Bannard and E. Bonnier and R. Carlsson and F. Cheung and G. Christensen and R. Clay and M. A. Craig and A. Dalla Rosa and L. Dam and M. H. Evans and I. Flores Cervantes and N. Fong and M. Gamez-Djokic and A. Glenz and S. Gordon-McKeon and T. J. Heaton and K. Hederos and M. Heene and A. J. Hofelich Mohr and F. H\"{o}gden and K. Hui and M. Johannesson and J. Kalodimos and E. Kaszubowski and D. M. Kennedy and R. Lei and T. A. Lindsay and S. Liverani and C. R. Madan and D. Molden and E. Molleman and R. D. Morey and L. B. Mulder and B. R. Nijstad and N. G. Pope and B. Pope and J. M. Prenoveau and F. Rink and E. Robusto and H. Roderique and A. Sandberg and E. Schl\"{u}ter and F. D. Sch\"{o}nbrodt and M. F. Sherman and S. A. Sommer and K. Sotak and S. Spain and C. Sp\"{o}rlein and T. Stafford and L. Stefanutti and S. Tauber and J. Ullrich and M. Vianello and E.-J. Wagenmakers and M. Witkowiak and S. Yoon and B. A. Nosek},
  title = {Many Analysts,  One Data Set: Making Transparent How Variations in Analytic Choices Affect Results},
  journal = {Advances in Methods and Practices in Psychological Science}
}